<?xml version="1.0" encoding="UTF-8"?><collection xmlns="http://www.loc.gov/MARC21/slim"><record><leader>00381nam--2200145-i-4500</leader><controlfield tag="001">000005089</controlfield><controlfield tag="002">20161230</controlfield><controlfield tag="005">20170304195655</controlfield><controlfield tag="008">060222s1000------------r-----000-0-eng-d</controlfield><datafield ind1=" " ind2=" " tag="100"><subfield code="a">Cottini, C</subfield></datafield><datafield ind1=" " ind2=" " tag="245"><subfield code="a">On positron lifetime in anthracene</subfield></datafield><datafield ind1=" " ind2=" " tag="260"><subfield code="a">Milano</subfield><subfield code="b">Instituto Di Fisica Del Politecnico</subfield><subfield code="c">1959</subfield></datafield><datafield ind1=" " ind2=" " tag="300"><subfield code="a">2 p</subfield></datafield><datafield ind1=" " ind2=" " tag="700"><subfield code="a">Germagnoli, E</subfield></datafield><datafield ind1=" " ind2=" " tag="CAT"><subfield code="a">SYS</subfield><subfield code="c">20170304</subfield><subfield code="h">195655</subfield></datafield></record></collection>